@Article{marquardt63,
  author =	 {D. W. Marquardt},
  title =	 {An Algorithm for Least-Squares Estimation of
                  Nonlinear Parameters},
  journal =	 {J. Soc. Indust. Appl. Math.},
  year =	 1963,
  volume =	 11,
  number =	 2,
  pages =	 {431-441},
  month =	 {June}
}

@Book{griewank08,
  author = 	 {Andreas Griewank and Andrea Walther},
  title = 	 {Evaluating Derivatives: Principles and Techniques of
                  Algorithmic Differentiation},
  publisher = 	 {SIAM},
  year = 	 2008,
  address = 	 {USA},
  edition = 	 {2nd},
  month = 	 {September}
}

@Article{nielsen99,
  author = 	 {Hans Bruun Nielsen},
  title = 	 {Damping Parameter in Marquardt's Method},
  journal = 	 {Tech. Rep. IMM-REP-1999-05},
  year = 	 1999,
}

@Article{transtrum10,
  author =       {Transtrum, Mark K. and Machta, Benjamin B. and
                  Sethna, James P.},
  title =        {Why are Nonlinear Fits to Data so Challenging?},
  journal =      {Phys. Rev. Lett.},
  year =         {2010},
  volume =       {104},
  issue =        {6},
  pages =        {060201},
  numpages =     {4},
  month =        {Feb},
  publisher =    {American Physical Society},
  url =          {http://link.aps.org/doi/10.1103/PhysRevLett.104.060201}
}

@Article{transtrum11,
  author =       {Transtrum, Mark K. and Machta, Benjamin B. and
                  Sethna, James P.},
  title =        {Geometry of nonlinear least squares with
                  applications to sloppy models and optimization},
  journal =      {Phys. Rev. E},
  year =         {2011},
  volume =       {83},
  issue =        {3},
  pages =        {036701},
  numpages =     {35},
  month =        {Mar},
  publisher =    {American Physical Society},
  url =          {http://link.aps.org/doi/10.1103/PhysRevE.83.036701}
}

@Misc{transtrum12,
  author =       {Mark K. Transtrum and James P. Sethna},
  year =         2012,
  howpublished = {arXiv:1201.5885 [physics.data-an]},
}

